@article{gaber21, 
 title={What drives customers to continue using ride-sharing apps during the COVID-19 pandemic? The case of Uber in Egypt}, 
 author={Gaber, Hazem}, 
 year={2021}, 
 month={02}
 } 
@article{Leguesse20, 
 title={Reducing the forensic footprint with Android accessibility attacks. In International Workshop on Security and Trust Management}, 
 author={Leguesse, Hazem}, 
 year={2020}, 
 month={09}
 } 
@article{Milne20, 
 title={Mobile apps for health behavior change in physical activity, diet, drug and alcohol use, and mental health: systematic review}, 
 author={Milne-Ives, Madison}, 
 year={2020}, 
 month={03}
 } 
@article{Stocchi21, 
 title={Marketing research on Mobile apps: past, present and future}, 
 author={Stocchi, Lara}, 
 year={2021}, 
 month={1}
 } 
@article{Tam20, 
 title={Exploring the influential factors of continuance intention to use mobile Apps: Extending the expectation confirmation model}, 
 author={Tam, Carlos}, 
 year={2020}, 
 month={10}
 } 
@article{Ulas19, 
 title={Digital transformation process and SMEs}, 
 author={Ulas, Dilber}, 
 year={2019}, 
 month={09}
 } 