@article{Rebecca21, 
 title={Nudging users towards privacy on mobile devices}, 
 author={Rebecca, Balebako}, 
 year={2011}, 
 month={01}
 } 
@article{Petter18, 
 title={Losing control to data-hungry apps: A mixed-methods approach to mobile app privacy. Social Science Computer Review}, 
 author={Petter, Brandtzaeg}, 
 year={2018},
 } 
@article{Castelluccia17, 
 title={Privacy and data protection in mobile applications: A study on the app development ecosystem and the technical implementation of GDPR}, 
 author={Castelluccia}, 
 year={2017},
 } 
@article{DeGiulio21, 
 title={Ask App Not to Track‚Äù: The Effect of Opt-In Tracking Authorization on Mobile Privacy. In International Workshop on Emerging Technologies for Authorization and Authentication}, 
 author={DeGiulio}, 
 year={2021},
 month={10},
 } 
@article{Hayes20, 
 title={An effective approach to mobile device management: Security and privacy issues associated with mobile applications}, 
 author={Hayes}, 
 year={2020},
 } 
@article{Kim15, 
 title={Analyzing user awareness of privacy data leak in mobile applications}, 
 author={Kim}, 
 year={2015},
 } 
@article{Kimmons21, 
 title={Safeguarding student privacy in an age of analytics}, 
 author={Kimmons}, 
 year={2021},
 } 
@article{Liu19, 
 title={Privacy risk analysis and mitigation of analytics libraries in the Android ecosystem}, 
 author={Liu}, 
 year={2019},
 } 
@article{Suleman21, 
 title={Combating Against Potentially Harmful Mobile Apps}, 
 author={Suleman}, 
 year={2021},
 month={06},
 } 
@article{Williams20, 
 title={Beyond Huawei and TikTok: Untangling US concerns over Chinese tech companies and digital security.}, 
 author={Williams}, 
 year={2020},
 } 
 
