@article{anne2022, 
 title={Mobile gamers spent 7.4 billion dollars across top titles in January 2022},
 author={Anne, Freer}, 
 year={2022}, 
 month={02}
 } 
 
@article{stephanie2021, 
 title={Global Consumer Spending in Mobile Apps Reached 133 Billion dollars in 2021, Up Nearly 20 percent from 2020}, 
 author={Stephanie, Chan}, 
 year={2021}, 
 month={12}
 } 