@article{oconnor2021, 
 title={App Tracking Transparency Causes a Shift in AD Spending},
 author={Oconnor, Jude}, 
 year={2021}, 
 month={11}
 } 
 
@article{ran2021, 
 title={When you ‘Ask app not to track,’ some iPhone apps keep snooping anyway}, 
 author={Ran, Zheng}, 
 year={2021}, 
 month={09}
 } 