@article{nicolette21, 
 title={What Are the Benefits of Virtual Machines}, 
 author={Nicolette, Carklin}, 
 year={2021}, 
 month={03}
 } 
 @article{jazmin21, 
 title={What is NFT? Non-fungible tokens explained}, 
 author={Jazmin, Goodwin}, 
 year={2021}, 
 month={11}
 } 
@article{samsukha21, 
 title={Why Mobile Application Development Is Important In Today’s Scenario}, 
 author={Samsukha, Amit}, 
 year={2021}, 
 month={09}
 } 
@article{hilliard2014, 
 title={Why Mobile Applications Are Important; Especially Its Development}, 
 author={Hilliard, Andy}, 
 year={2014}, 
 month={12}
 } 
 @article{oconnor2021, 
 title={App Tracking Transparency Causes a Shift in AD Spending},
 author={Oconnor, Jude}, 
 year={2021}, 
 month={11}
 } 
@article{ran2021, 
 title={When you ‘Ask app not to track,’ some iPhone apps keep snooping anyway}, 
 author={Ran, Zheng}, 
 year={2021}, 
 month={09}
 } 
 @article{anne2022, 
 title={Mobile gamers spent 7.4 billion dollars across top titles in January 2022},
 author={Anne, Freer}, 
 year={2022}, 
 month={02}
 } 
@article{stephanie2021, 
 title={Global Consumer Spending in Mobile Apps Reached 133 Billion dollars in 2021, Up Nearly 20 percent from 2020}, 
 author={Stephanie, Chan}, 
 year={2021}, 
 month={12}
 } 
 @article{stephanie2021, 
 title={Global Consumer Spending in Mobile Apps Reached 133 Billion dollars in 2021, Up Nearly 20 percent from 2020}, 
 author={Stephanie, Chan}, 
 year={2021}, 
 month={12}
 } 
 
 @article{mike2022, 
 title={Everyone wants to own the metaverse including Facebook and Microsoft. But what exactly is it?}, 
 author={Mike, Snider}, 
 year={2021}, 
 month={11}
 } 
 
 @article{rizwan2022, 
 title={The Metaverse is Coming: We May Already in It}, 
 author={Rizwan, Virik}, 
 year={2022}, 
 month={02}
 } 
 @article{syed21, 
 title={How to Boost Mobile App Engagement (5 Expert Tips)}, 
 author={Syed, Balkhi}, 
 year={2021}, 
 month={12}
 } 
 @article{helen21, 
 title={How to Increase Mobile App Engagement - Complete Guide}, 
 author={Helen, Vakhnenko}, 
 year={2021}, 
 month={12}
 } 
 
 @article{Bartosz21, 
 title={Flutter vs. React Native – What to Choose in 2022?}, 
 author={Bartosz, Skuza}, 
 year={2021}, 
 month={05}
 } 
 
 @article{Serhii22, 
 title={Flutter vs React Native in 2022: Which One is Better for Your Project?},
 author={Serhii, Osadchuk}, 
 year={2022}, 
 month={02}
 } 
 
 @article{Lewis22, 
 title={Visual Studio Code vs Android Studio – Functionality, Search and Source Control},
 author={Lewis, Cianci}, 
 year={2022}, 
 month={02}
 } 
 @article{Suragch20, 
 title={Visual Studio Code vs Android Studio – Functionality, Search and Source Control},
 author={Suragch}, 
 year={2020}, 
 month={05}
 } 
 
 @article{Robert20, 
 title={Fitness apps see 67 percent jump in installs during pandemic},
 author={Robert, Williams}, 
 year={2020}, 
 month={08}
 } 
 @article{Sara20, 
 title={Fitness apps see 67 percent jump in installs during pandemic},
 author={Sara, Fischer}, 
 year={2020}, 
 month={04}
 } 
 
 @article{Raul21, 
 title={YouTube vs. TikTok: Which Is Better for Viewers?},
 author={RAUL, MERCADO}, 
 year={2021}, 
 month={11}
 } 
 @article{Christie21, 
 title={TikTok vs YouTube—Which is better for creators?},
 author={Christie, Passaris}, 
 year={2021}, 
 month={11}
 } 
 
 