@article{samsukha21, 
 title={Why Mobile Application Development Is Important In Todayâ€™s Scenario}, 
 author={Samsukha, Amit}, 
 year={2021}, 
 month={09}
 } 
 
@article{hilliard2014, 
 title={Why Mobile Applications Are Important; Especially Its Development}, 
 author={Hilliard, Andy}, 
 year={2014}, 
 month={12}
 } 